<record><leader>00000cas a22000007a 4500</leader><controlfield tag="001">13415994</controlfield><controlfield tag="008">860410d18891893wvudr ne      0    0eng d</controlfield><controlfield tag="009">6116</controlfield><datafield ind1=" " ind2=" " tag="010"><subfield code="a">sn 86092461 </subfield></datafield><datafield ind1=" " ind2=" " tag="040"><subfield code="a">WVC</subfield><subfield code="b">eng</subfield><subfield code="c">WVC</subfield><subfield code="d">DLC</subfield><subfield code="d">OCL</subfield></datafield><datafield ind1=" " ind2=" " tag="042"><subfield code="a">msc</subfield></datafield><datafield ind1="0" ind2="0" tag="245"><subfield code="a">Parkersburg daily sentinel.</subfield></datafield><datafield ind1=" " ind2=" " tag="260"><subfield code="a">Parkersburg, W. Va. :</subfield><subfield code="b">Daily Sentinel Printing,</subfield><subfield code="c">1889-1893.</subfield></datafield><datafield ind1=" " ind2=" " tag="300"><subfield code="a">5 v.</subfield></datafield><datafield ind1=" " ind2=" " tag="310"><subfield code="a">Daily (except Sun.)</subfield></datafield><datafield ind1="0" ind2=" " tag="362"><subfield code="a">Vol. 1, no. 1 (Oct. 21, 1889)-v. 5, no. 29 (Nov. 24, 1893).</subfield></datafield><datafield ind1=" " ind2=" " tag="500"><subfield code="a">Editor: R.E. Hornor.</subfield></datafield><datafield ind1=" " ind2=" " tag="752"><subfield code="a">United States</subfield><subfield code="b">West Virginia</subfield><subfield code="c">Wood</subfield><subfield code="d">Parkersburg.</subfield></datafield><datafield ind1="1" ind2=" " tag="775"><subfield code="t">Parkersburg sentinel (Parkersburg, W.Va. : 1875)</subfield><subfield code="w">(DLC)sn 84038259</subfield></datafield><datafield ind1="0" ind2="0" tag="785"><subfield code="t">Parkersburg sentinel (Parkersburg, W.Va. : 1893)</subfield><subfield code="w">(DLC)sn 86092462</subfield></datafield></record>